<record xmlns:xsi="http://www.w3.org/2001/XMLSchema-instance" xmlns="http://www.loc.gov/MARC21/slim" xsi:schemaLocation="http://www.loc.gov/MARC21/slim http://www.loc.gov/standards/marcxml/schema/MARC21slim.xsd">

  <leader>00833nam a2200229Ia 4500</leader>
  <controlfield tag="008">150731b1996    sp ||||| |||| 00| | spa d</controlfield>
  <datafield tag="020" ind2=" " ind1=" ">
    <subfield code="a">8420642479</subfield>
  </datafield>
  <datafield ind1=" " ind2=" " tag="090">
    <subfield code="a">19.01.05 </subfield>
    <subfield code="b">1116</subfield>
  </datafield>
  <datafield ind1="1" ind2=" " tag="100">
    <subfield code="a">Castells, Manuel</subfield>
    <subfield code="9">641</subfield>
  </datafield>
  <datafield tag="245" ind1="1" ind2="0">
    <subfield code="a">La era de la información economía, sociedad y cultura: La sociedad red / </subfield>
    <subfield code="c">Manuel Castells</subfield>
  </datafield>
  <datafield ind2=" " ind1=" " tag="260">
    <subfield code="a">España : </subfield>
    <subfield code="b">Alianza Editorial, </subfield>
    <subfield code="c">1996</subfield>
  </datafield>
  <datafield ind1=" " ind2=" " tag="300">
    <subfield code="a">590 páginas</subfield>
  </datafield>
  <datafield tag="500" ind1=" " ind2=" ">
    <subfield code="a">El Centro de Información cuenta con el v.2 El poder de la identidad y el v.3 La era de la Información</subfield>
  </datafield>
  <datafield ind1=" " ind2=" " tag="505">
    <subfield code="a">vol.1 La sociedad red</subfield>
  </datafield>
  <datafield tag="505" ind1=" " ind2=" ">
    <subfield code="a">Vol.2 El poder de la identidad</subfield>
  </datafield>
  <datafield tag="505" ind2=" " ind1=" ">
    <subfield code="a">Vol.3 Fin de milenio</subfield>
  </datafield>
  <datafield ind1="1" ind2="4" tag="650">
    <subfield code="a">SOCIEDAD DE LA INFORMACIÓN </subfield>
    <subfield code="9">642</subfield>
  </datafield>
  <datafield tag="650" ind1="1" ind2="4">
    <subfield code="a">TECNOLOGÍA DE LA INFORMACIÓN </subfield>
    <subfield code="9">484</subfield>
  </datafield>
  <datafield ind2="4" ind1="1" tag="650">
    <subfield code="a">ECONOMÍA</subfield>
    <subfield code="9">344</subfield>
  </datafield>
  <datafield tag="650" ind2="4" ind1="1">
    <subfield code="a">MOVIMIENTOS SOCIALES</subfield>
    <subfield code="9">374</subfield>
  </datafield>
  <datafield ind1=" " ind2=" " tag="942">
    <subfield code="2">z</subfield>
    <subfield code="c">01</subfield>
  </datafield>
  <datafield tag="999" ind1=" " ind2=" ">
    <subfield code="c">155</subfield>
    <subfield code="d">155</subfield>
  </datafield>
</record>